@misc{gfg-2023,
	author = {GeeksForGeeks},
	month = {Abril},
	title = {{Pancake sorting}},
	year = {2023},
	url = {https://www.geeksforgeeks.org/pancake-sorting/},
    note = {Accessed on March 22, 2024}
}
@misc{ord-panq,
	author = {Jindal, Harshit},
	month = {Octubre},
	title = {{Ordenamiento de panqueques}},
	year = {2023},
	url = {https://www.delftstack.com/es/tutorial/algorithm/pancake-sort/},
    note = {Accessed on March 21, 2024}
}
@misc{video-vtk,
	author = {Mario Storti},
	month = {Noviembre},
	title = {{Pancake sort algorithm, visualization with VTK}},
	year = {2009},
	url = {https://www.youtube.com/watch?v=kk-_DDgoXfk},
    note = {Accessed on March 22, 2024}
}
@misc{video-hex,
	author = {The Hexagon},
	month = {Mayo},
	title = {{Pancake sort}},
	year = {2023},
	url = {https://www.youtube.com/watch?v=kXKkHRQmL6o},
}
@misc{filewriter,
    author = {{Oracle}},
    title = {{Java Platform Standard Edition 8 Documentation: Class FileWriter}},
    year = {2014},
    howpublished = {\url{https://docs.oracle.com/javase/8/docs/api/java/io/Hashtable.html}},
    note = {Accessed on March 22, 2024}
}
@misc{ioexception,
    author = {{Oracle}},
    title = {{Java Platform Standard Edition 8 Documentation: Class IOException}},
    year = {2014},
    howpublished = {\url{https://docs.oracle.com/javase/8/docs/api/java/io/IOException.html}},
    note = {Accessed on March 22, 2024}
}
@misc{geogebra,
	title = {{Calculadora gr√°fica - GeoGebra}},
	url = {https://www.geogebra.org/graphing?lang=es},
    author = {GeoGebra}
}